Plačiau apie šaltinių tipus ir jų atributus:
http://mirror.datacenter.by/pub/mirrors/CTAN/macros/latex/contrib/biblatex/doc/biblatex.pdf#subsection.2.1

@book{Goodfellow-et-al-2016,
    title={Deep Learning},
    author={Ian Goodfellow and Yoshua Bengio and Aaron Courville},
    publisher={MIT Press},
    note={\url{http://www.deeplearningbook.org}},
    year={2016}
}

@misc{Woodford-2018,
    author={C. Woodford},
    title={Neural networks},
    year={2018},
    howpublished={\url{https://www.explainthatstuff.com/introduction-to-neural-networks.html}},
}

@article{DBLP:journals/corr/XuWCL15,
  author    = {Bing Xu and
               Naiyan Wang and
               Tianqi Chen and
               Mu Li},
  title     = {Empirical Evaluation of Rectified Activations in Convolutional Network},
  journal   = {CoRR},
  volume    = {abs/1505.00853},
  year      = {2015},
  url       = {http://arxiv.org/abs/1505.00853},
  archivePrefix = {arXiv},
  eprint    = {1505.00853},
  timestamp = {Wed, 07 Jun 2017 14:41:27 +0200},
  biburl    = {https://dblp.org/rec/bib/journals/corr/XuWCL15},
  bibsource = {dblp computer science bibliography, https://dblp.org}
}

@book{Cameron-loss-fun,
    title={Bayesian Methods for Hackers},
    author={Cameron Davidson-Pilon},
    publisher={Addison-Wesley Professional},
    year={2015},
    
}

@misc{clas-loss-2017,
    author={Apoorva Agrawal},
    title={Loss Functions and Optimization Algorithms},
    year={2017},
    howpublished={\url{https://medium.com/data-science-group-iitr/loss-functions-and-optimization-algorithms-demystified-bb92daff331c}},
}

@article{2017arXiv170508292W,
    author = {{Wilson}, A.~C. and {Roelofs}, R. and {Stern}, M. and {Srebro}, N. and {Recht}, B.},
    title = "{The Marginal Value of Adaptive Gradient Methods in Machine Learning}",
    journal = {ArXiv e-prints},
    eprint = {1705.08292},
    primaryClass = "stat.ML",
    year = {2017},
    adsurl = {http://adsabs.harvard.edu/abs/2017arXiv170508292W},
    adsnote = {Provided by the SAO/NASA Astrophysics Data System}
}

@book{Convolution-book,
    title={Deep Learning},
    author={Josh Patterson and Adam Gibson},
    publisher={O’Reilly Media, Inc.},
    year={2017},    
}

@misc{layers-CS231n,
    author={Fei-Fei Li},
    title={Convolutional Neural Networks},
    year={2015},
    publisher={Stanford},
    howpublished={\url{https://cs231n.github.io/convolutional-networks/}},
}

@misc{layers-fullyconnected,
    author={Ujjwal Karn},
    title={An Intuitive Explanation of Convolutional Neural Networks},
    year={2016},
    howpublished={\url{https://ujjwalkarn.me/2016/08/11/intuitive-explanation-convnets/}},
}

@article{DBLP:journals/corr/YosinskiCBL14,
  author    = {Jason Yosinski and
               Jeff Clune and
               Yoshua Bengio and
               Hod Lipson},
  title     = {How transferable are features in deep neural networks?},
  journal   = {CoRR},
  volume    = {abs/1411.1792},
  year      = {2014},
  url       = {http://arxiv.org/abs/1411.1792},
  archivePrefix = {arXiv},
  eprint    = {1411.1792},
  timestamp = {Wed, 07 Jun 2017 14:40:45 +0200},
  biburl    = {https://dblp.org/rec/bib/journals/corr/YosinskiCBL14},
  bibsource = {dblp computer science bibliography, https://dblp.org}
}
@misc{databank-stats,
    author={The World Bank},
    title={List of DataBank databases},
    year={2018},
    howpublished={\url{http://databank.worldbank.org/data/databases/}},
}
@article{marr2014big,
  title={Big data: The 5 Vs everyone must know},
  author={Marr, Bernard},
  journal={LinkedIn Pulse},
  volume={6},
  year={2014}
}
@article{laney20013d,
  title={3D data management: Controlling data volume, velocity and variety},
  author={Laney, Doug},
  journal={META Group Research Note},
  volume={6},
  number={70},
  year={2001}
}
@book{zikopoulos2011understanding,
  title={Understanding big data: Analytics for enterprise class hadoop and streaming data},
  author={Zikopoulos, Paul and Eaton, Chris and others},
  year={2011},
  publisher={McGraw-Hill Osborne Media}
}
@article{batchProcessing,
	author = {R, Shyam and Hullathy Balakrishnan, Barathi Ganesh and Kumar S, Sachin and Poornachandran, Prabaharan and Kp, Soman},
	year = {2015},
	month = {12},
	pages = {171-178},
	title = {Apache Spark a Big Data Analytics Platform for Smart Grid},
	volume = {21},
	booktitle = {Procedia Technology}
}
@article{dean2008mapreduce,
  title={MapReduce: simplified data processing on large clusters},
  author={Dean, Jeffrey and Ghemawat, Sanjay},
  journal={Communications of the ACM},
  volume={51},
  number={1},
  pages={107--113},
  year={2008},
  publisher={ACM}
}
@article{hasani2014lambda,
  title={Lambda architecture for real time big data analytic},
  author={Hasani, Zirije and Kon-Popovska, Margita and Velinov, Goran},
  journal={ICT Innovations},
  year={2014}
}
@article{kreps2014questioning,
  title={Questioning the lambda architecture},
  author={Kreps, Jay},
  journal={Online article, July},
  year={2014}
}
@misc{kappa,
    author={Milinda Pathirage},
    title={What is kappa architecture},
    year={2014},
    howpublished={\url{http://milinda.pathirage.org/kappa-architecture.com/}},
}